@article{horcas2022breakit,
  title={We’re Not Gonna Break It! Consistency-Preserving Operators for Efficient Product Line Configuration},
  author={Horcas, Jose Miguel and Str{\"u}ber, Daniel and Burdusel, Alexandru and Martinez, Jabier and Zschaler, Steffen},
  journal={IEEE Transactions on Software Engineering},
  year={2022},
  publisher={IEEE}
}
@book{apel2016spl,
  title={Feature-oriented software product lines},
  author={Apel, Sven and Batory, Don and K{\"a}stner, Christian and Saake, Gunter},
  year={2016},
  publisher={Springer}
}
@inproceedings{benavides2005extfms,
  title={Automated reasoning on feature models},
  author={Benavides, David and Trinidad, Pablo and Ruiz-Cort{\'e}s, Antonio},
  booktitle={International Conference on Advanced Information Systems Engineering},
  pages={491--503},
  year={2005},
  organization={Springer}
}
@techreport{kang1990fms,
  title={Feature-oriented domain analysis (FODA) feasibility study},
  author={Kang, Kyo C and Cohen, Sholom G and Hess, James A and Novak, William E and Peterson, A Spencer},
  year={1990},
  institution={Carnegie-Mellon Univ Pittsburgh Pa Software Engineering Inst}
}
@article{ochoa2018npcomplete,
  title={A systematic literature review on the semi-automatic configuration of extended product lines},
  author={Ochoa, Lina and Gonzalez-Rojas, Oscar and Juliana, Alves Pereira and Castro, Harold and Saake, Gunter},
  journal={Journal of Systems and Software},
  volume={144},
  pages={511--532},
  year={2018},
  publisher={Elsevier}
}
@article{pascual2015modagame,
  title={Applying multiobjective evolutionary algorithms to dynamic software product lines for reconfiguring mobile applications},
  author={Pascual, Gustavo G and Lopez-Herrejon, Roberto E and Pinto, M{\'o}nica and Fuentes, Lidia and Egyed, Alexander},
  journal={Journal of Systems and Software},
  volume={103},
  pages={392--411},
  year={2015},
  publisher={Elsevier}
}
@inproceedings{henard2015satibea,
  title={Combining multi-objective search and constraint solving for configuring large software product lines},
  author={Henard, Christopher and Papadakis, Mike and Harman, Mark and Le Traon, Yves},
  booktitle={2015 IEEE/ACM 37th IEEE International Conference on Software Engineering},
  volume={1},
  pages={517--528},
  year={2015},
  organization={IEEE}
}
@inproceedings{zitzler2004ibea,
  title={Indicator-based selection in multiobjective search},
  author={Zitzler, Eckart and K{\"u}nzli, Simon},
  booktitle={International conference on parallel problem solving from nature},
  pages={832--842},
  year={2004},
  organization={Springer}
}
@inproceedings{van2001notion,
  title={On the notion of variability in software product lines},
  author={Van Gurp, Jilles and Bosch, Jan and Svahnberg, Mikael},
  booktitle={Proceedings Working IEEE/IFIP Conference on Software Architecture},
  pages={45--54},
  year={2001},
  organization={IEEE}
}
@incollection{apel2013software,
  title={Software product lines},
  author={Apel, Sven and Batory, Don and K{\"a}stner, Christian and Saake, Gunter},
  booktitle={Feature-oriented software product lines},
  pages={3--15},
  year={2013},
  publisher={Springer}
}
@book{bosch2000design,
  title={Design and use of software architectures: adopting and evolving a product-line approach},
  author={Bosch, Jan},
  year={2000},
  publisher={Pearson Education}
}
@inproceedings{benavides2005automated,
  title={Automated reasoning on feature models},
  author={Benavides, David and Trinidad, Pablo and Ruiz-Cort{\'e}s, Antonio},
  booktitle={International Conference on Advanced Information Systems Engineering},
  pages={491--503},
  year={2005},
  organization={Springer}
}
@Inbook{kramer2017geneticalgos,
  author="Kramer, Oliver",
  title="Genetic Algorithms",
  bookTitle="Genetic Algorithm Essentials",
  year="2017",
  publisher="Springer International Publishing",
  address="Cham",
  pages="11--19",
  isbn="978-3-319-52156-5",
  doi="10.1007/978-3-319-52156-5_2",
  url="https://doi.org/10.1007/978-3-319-52156-5_2"
}
@inproceedings{segura2012betty,
  author = {Segura, Sergio and Galindo, Jos\'{e} A. and Benavides, David and Parejo, Jos\'{e} A. and Ruiz-Cort\'{e}s, Antonio},
  title = {BeTTy: Benchmarking and Testing on the Automated Analysis of Feature Models},
  year = {2012},
  isbn = {9781450310581},
  publisher = {Association for Computing Machinery},
  address = {New York, NY, USA},
  url = {https://doi.org/10.1145/2110147.2110155},
  doi = {10.1145/2110147.2110155},
  booktitle = {Proceedings of the 6th International Workshop on Variability Modeling of Software-Intensive Systems},
  pages = {63–-71},
  numpages = {9},
  keywords = {benchmarking, validation, automated analysis, testing, feature models},
  location = {Leipzig, Germany},
  series = {VaMoS '12}
}

